@article{microsoft,
	title = {{Pinout Raspberry Pi 3}},

	url = {https://docs.microsoft.com/en-us/windows/iot-core/learn-about-hardware/pinmappings/pinmappingsrpi},
	shorttitle = pinout},
	urldate = {2017-10.11}
}

@article{Adafruit,
	title = {{7" Portable Raspberry-Pi Multitouch Tablet}},
	url = {https://learn.adafruit.com/7-portable-raspberry-pi-multitouch-tablet/overview},
	shorttitle = pinout},
	urldate = {2017-10.11}
}

